
@book{gudava1962,
  title={Botlixuri ena [{T}he {B}otlikh language]},
  author={Gudava, Togo, E.},
  year={1962},
  publisher={Tbilisi: Mecniereba}
  }
  
@book{saidovaabusov2012,
  title={Botlixsko-russkij slovar' [{B}otlikh-{R}ussian dictionary]},
  author={Saidova, Patimat A. and Abusov, Magomed G.},
  year={2012},
  publisher={Makhachkala: IJaLI}}
  
@book{alekseev2019,
  title={Botlixsko-russkij slovar' [{B}otlikh-{R}ussian dictionary]},
  author={Alekseev, M.E. and Azaev, X.G.},
  year={2019},
  publisher={Moscow: Academia}}